<?xml version="1.0" encoding="UTF-8"?><collection xmlns="http://www.loc.gov/MARC21/slim"><record><leader>00481nam--2200181-i-4500</leader><controlfield tag="001">000047499</controlfield><controlfield tag="002">20161230</controlfield><controlfield tag="005">20161230201046</controlfield><controlfield tag="008">060222s1000------------r-----000-0-eng-d</controlfield><datafield ind1=" " ind2=" " tag="040"><subfield code="a">IFIN-HH</subfield></datafield><datafield ind1=" " ind2=" " tag="080"><subfield code="a">538.4</subfield></datafield><datafield ind1="1" ind2=" " tag="100"><subfield code="a">Womack, G.J</subfield></datafield><datafield ind1="1" ind2="0" tag="245"><subfield code="a">Mhd power generation: engineering aspects</subfield><subfield code="c">G.j. womack</subfield></datafield><datafield ind1=" " ind2=" " tag="260"><subfield code="a">London</subfield><subfield code="b">Chapman And Hall Ltd</subfield><subfield code="c">1969</subfield></datafield><datafield ind1=" " ind2=" " tag="300"><subfield code="a">VII + 160P</subfield></datafield><datafield ind1=" " ind2=" " tag="490"><subfield code="a">Modern Electrical Studies</subfield></datafield><datafield ind1=" " ind2=" " tag="852"><subfield code="a">36136</subfield><subfield code="c">538.4</subfield></datafield><datafield ind1=" " ind2=" " tag="CAT"><subfield code="a">Sys</subfield><subfield code="c">20110920</subfield><subfield code="h">115930</subfield></datafield></record></collection>